<?xml version="1.0" encoding="UTF-8"?><record xmlns="http://www.loc.gov/MARC21/slim" xmlns:cinclude="http://apache.org/cocoon/include/1.0" xmlns:zs="http://www.loc.gov/zing/srw/">
  <leader>00724cz  a2200181n  4500</leader>
  <controlfield tag="001">n  82223507 </controlfield>
  <controlfield tag="003">DLC</controlfield>
  <controlfield tag="005">20080906075832.0</controlfield>
  <controlfield tag="008">840113n| acannaabn          |b aaa      </controlfield>
  <datafield tag="010" ind1=" " ind2=" ">
    <subfield code="a">n  82223507 </subfield>
  </datafield>
  <datafield tag="035" ind1=" " ind2=" ">
    <subfield code="a">(OCoLC)oca01059339</subfield>
  </datafield>
  <datafield tag="040" ind1=" " ind2=" ">
    <subfield code="a">DLC</subfield>
    <subfield code="b">eng</subfield>
    <subfield code="c">DLC</subfield>
    <subfield code="d">OCoLC</subfield>
  </datafield>
  <datafield tag="100" ind1="1" ind2=" ">
    <subfield code="a">Telʹtevskiĭ, P. A.</subfield>
    <subfield code="q">(Prokopiĭ Aleksandrovich)</subfield>
  </datafield>
  <datafield tag="400" ind1="1" ind2=" ">
    <subfield code="a">Telʹtevskiĭ, Prokopiĭ Aleksandrovich</subfield>
  </datafield>
  <datafield tag="400" ind1="1" ind2=" ">
    <subfield code="a">Тельтевский, П. А.</subfield>
    <subfield code="q">(Прокопий Александрович)</subfield>
  </datafield>
  <datafield tag="667" ind1=" " ind2=" ">
    <subfield code="a">Machine-derived non-Latin script reference project.</subfield>
  </datafield>
  <datafield tag="667" ind1=" " ind2=" ">
    <subfield code="a">Non-Latin script reference not evaluated.</subfield>
  </datafield>
  <datafield tag="670" ind1=" " ind2=" ">
    <subfield code="a">His Moskovskie shedevry, 1983:</subfield>
    <subfield code="b">t.p. (P. A. Telʹtevskiĭ) colophon (Prokopiĭ Aleksandrovich Telʹtevskiĭ)</subfield>
  </datafield>
</record>